<?xml version="1.0" encoding="UTF-8"?><record xmlns="http://www.loc.gov/MARC21/slim" xmlns:cinclude="http://apache.org/cocoon/include/1.0" xmlns:zs="http://www.loc.gov/zing/srw/">
  <leader>00378nz  a2200121n  4500</leader>
  <controlfield tag="001">n  94054937 </controlfield>
  <controlfield tag="003">DLC</controlfield>
  <controlfield tag="005">19940608144924.6</controlfield>
  <controlfield tag="008">940608n| acannaab|          |n aaa |||  </controlfield>
  <datafield tag="010" ind1=" " ind2=" ">
    <subfield code="a">n  94054937 </subfield>
  </datafield>
  <datafield tag="040" ind1=" " ind2=" ">
    <subfield code="a">DLC</subfield>
    <subfield code="c">DLC</subfield>
  </datafield>
  <datafield tag="100" ind1="1" ind2="0">
    <subfield code="a">Smith, Elizabeth Marie</subfield>
  </datafield>
  <datafield tag="670" ind1=" " ind2=" ">
    <subfield code="a">Elizabeth Marie Smith and the Little Mermaid, 1991:</subfield>
    <subfield code="b">t.p. (Elizabeth Marie Smith) p. 1 (5 yrs. old; res.: Philadelphia)</subfield>
  </datafield>
</record>